@misc{ministerio_2021,
  author       = {Ministerio de Seguridad},
  title        = {Causas de los incendios forestales},
  howpublished = {SINAGIR},
  year         = 2021
}
@misc{borus_2020,
  author       = {J. Borús and L. Giordano and M.V. Sánchez and V. Núñez and G. Contreras and A. Pereira},
  title        = {Informe Mensual - Alerta Hidrológico Cuenca del Plata},
  howpublished = {{Institulo Nacional del Agua}},
  year         = 2020
}